@online{ref1,
url = {https://www.w3schools.com/css/css_grid.asp}
}
@online{ref2,
url={https://www.w3schools.com/css/css3_transitions.asp}
}
@online{ref3,
url={https://www.w3schools.com/css/css3_animations.asp}
}
@online{ref4,
url={https://www.w3schools.com/js/js_events.asp}
}
@book{ref5,
author={Marin Haverbeke},
title={Eloquent JavaScript},
booktitle={A Modern Introduction to Programming}

}
